<record><leader>00000cas a22000007a 4500</leader><controlfield tag="001">28867385</controlfield><controlfield tag="008">930921d189u19uunyuwr n       0    0eng d</controlfield><datafield ind1=" " ind2=" " tag="010"><subfield code="a">sn 93063948 </subfield></datafield><datafield ind1=" " ind2=" " tag="040"><subfield code="a">NYS</subfield><subfield code="b">eng</subfield><subfield code="c">NYS</subfield><subfield code="d">NYG</subfield><subfield code="d">OCLCQ</subfield><subfield code="d">NYS</subfield><subfield code="d">OCLCQ</subfield></datafield><datafield ind1=" " ind2=" " tag="042"><subfield code="a">msc</subfield></datafield><datafield ind1="0" ind2=" " tag="130"><subfield code="a">Sinclairville commercial (Sinclairville, N.Y. : 1899)</subfield></datafield><datafield ind1="1" ind2="0" tag="245"><subfield code="a">Sinclairville commercial.</subfield></datafield><datafield ind1=" " ind2=" " tag="260"><subfield code="a">Sinclairville, N.Y. :</subfield><subfield code="b">Hinchcliffe &amp; Lamkin</subfield></datafield><datafield ind1=" " ind2=" " tag="300"><subfield code="a">v.</subfield></datafield><datafield ind1=" " ind2=" " tag="310"><subfield code="a">Weekly</subfield></datafield><datafield ind1=" " ind2=" " tag="500"><subfield code="a">Published in Cherry Creek, Aug. 11, 1905-</subfield></datafield><datafield ind1=" " ind2=" " tag="500"><subfield code="a">Publishers: Hinchcliffe &amp; Lamkin, &lt;1901-1903&gt;; H.C. Mills, &lt;1904-1905&gt;.</subfield></datafield><datafield ind1=" " ind2=" " tag="515"><subfield code="a">Dec. 20, 1901 issue misdated Dec. 13, 1901.</subfield></datafield><datafield ind1=" " ind2=" " tag="515"><subfield code="a">Jan. 2, 1903 issue misdated Jan. 2, 1902.</subfield></datafield><datafield ind1=" " ind2=" " tag="588"><subfield code="a">Description based on: Vol. 20, no. 4 (Jan. 19, 1899).</subfield></datafield><datafield ind1=" " ind2="4" tag="651"><subfield code="a">Cherry Creek (N.Y.)</subfield><subfield code="v">Newspapers.</subfield></datafield><datafield ind1=" " ind2="4" tag="651"><subfield code="a">Sinclairville (N.Y.)</subfield><subfield code="v">Newspapers.</subfield></datafield><datafield ind1=" " ind2=" " tag="752"><subfield code="a">United States</subfield><subfield code="b">New York</subfield><subfield code="c">Chautauqua</subfield><subfield code="d">Cherry Creek.</subfield></datafield><datafield ind1=" " ind2=" " tag="752"><subfield code="a">United States</subfield><subfield code="b">New York</subfield><subfield code="c">Chautauqua</subfield><subfield code="d">Sinclairville.</subfield></datafield><datafield ind1="0" ind2="0" tag="780"><subfield code="t">Leader-commercial</subfield><subfield code="w">(DLC)sn 93063756</subfield><subfield code="w">(OCoLC)27123478</subfield></datafield><datafield ind1="1" ind2=" " tag="029"><subfield code="a">AU@</subfield><subfield code="b">000025880559</subfield></datafield></record>